
@article{van2000domain,
	title={Domain-Specific Languages: An Annotated Bibliography.},
	author={Van Deursen, Arie and Klint, Paul and Visser, Joost},
	journal={Sigplan Notices},
	volume={35},
	number={6},
	pages={26--36},
	year={2000}
}

@article{Mernik:2005:DDL:1118890.1118892,
	author = {Mernik, Marjan and Heering, Jan and Sloane, Anthony M.},
	title = {When and How to Develop Domain-specific Languages},
	journal = {ACM Comput. Surv.},
	issue_date = {December 2005},
	volume = {37},
	number = {4},
	month = dec,
	year = {2005},
	issn = {0360-0300},
	pages = {316--344},
	numpages = {29},
	url = {http://doi.acm.org/10.1145/1118890.1118892},
	doi = {10.1145/1118890.1118892},
	acmid = {1118892},
	publisher = {ACM},
	address = {New York, NY, USA},
	keywords = {Domain-specific language, application language, domain analysis, language development system},
} 

@article{dvorak2009nasa,
  title={NASA study on flight software complexity},
  author={Dvorak, Daniel L and others},
  year={2009}
}

@article{khawar2001developing,
  title={Developing Enterprise Java Applications with J2EE and UML},
  author={Khawar, Zaman Ahmed and Cary, E Umrysh},
  year={2001},
  publisher={Addison-Wesley}
}

@book{fowler2010domain,
  title={Domain-specific languages},
  author={Fowler, Martin},
  year={2010},
  publisher={Pearson Education}
}

@article{subramanyam2003empirical,
  title={Empirical analysis of ck metrics for object-oriented design complexity: Implications for software defects},
  author={Subramanyam, Ramanath and Krishnan, Mayuram S.},
  journal={IEEE Transactions on software engineering},
  volume={29},
  number={4},
  pages={297--310},
  year={2003},
  publisher={IEEE}
}

@article{studer1998knowledge,
  title={Knowledge engineering: principles and methods},
  author={Studer, Rudi and Benjamins, V Richard and Fensel, Dieter},
  journal={Data \& knowledge engineering},
  volume={25},
  number={1},
  pages={161--197},
  year={1998},
  publisher={Elsevier}
}

@incollection{hinze2010reasoning,
  title={Reasoning about codata},
  author={Hinze, Ralf},
  booktitle={Central European Functional Programming School},
  pages={42--93},
  year={2010},
  publisher={Springer}
}

@inproceedings{abdulla1994undecidable,
  title={Undecidable verification problems for programs with unreliable channels},
  author={Abdulla, Parosh Aziz and Jonsson, Bengt},
  booktitle={International Colloquium on Automata, Languages, and Programming},
  pages={316--327},
  year={1994},
  organization={Springer}
}

@article{nordstrom1988terminating,
  title={Terminating general recursion},
  author={Nordstr{\"o}m, Bengt},
  journal={BIT Numerical Mathematics},
  volume={28},
  number={3},
  pages={605--619},
  year={1988},
  publisher={Springer}
}

@article{doh2001composing,
  title={Composing programming languages by combining action-semantics modules},
  author={Doh, Kyung-Goo and Mosses, Peter D},
  journal={Electronic Notes in Theoretical Computer Science},
  volume={44},
  number={2},
  pages={87--109},
  year={2001},
  publisher={Elsevier}
}

@book{girard1989proofs,
  title={Proofs and types},
  author={Girard, Jean-Yves and Taylor, Paul and Lafont, Yves},
  volume={7},
  year={1989},
  publisher={Cambridge University Press Cambridge}
}

@inproceedings{Mandell:1966:MDA:800267.810785,
 author = {Mandell, R. and Estrin, G.},
 title = {A Meta-compiler As a Design Automation Tool},
 booktitle = {Proceedings of the SHARE Design Automation Project},
 series = {DAC '66},
 year = {1966},
 pages = {13.1--13.40},
 numpages = {1.3},
 url = {http://doi.acm.org/10.1145/800267.810785},
 doi = {10.1145/800267.810785},
 acmid = {810785},
 publisher = {ACM},
 address = {New York, NY, USA},
} 

@article{alves2010godel,
  title={G{\"o}delâ€™s system T revisited},
  author={Alves, Sandra and Fern{\'a}ndez, Maribel and Florido, M{\'a}rio and Mackie, Ian},
  journal={Theoretical Computer Science},
  volume={411},
  number={11},
  pages={1484--1500},
  year={2010},
  publisher={Elsevier}
}

@incollection{Schmidt:2003:PLS:1074100.1074733,
 author = {Schmidt, David A.},
 title = {Programming Language Semantics},
 booktitle = {Encyclopedia of Computer Science},
 isbn = {0-470-86412-5},
 pages = {1463--1466},
 numpages = {4},
 url = {http://dl.acm.org/citation.cfm?id=1074100.1074733},
 acmid = {1074733},
 publisher = {John Wiley and Sons Ltd.},
 address = {Chichester, UK},
} 

@inproceedings{palsberg1992provably,
  title={A provably correct compiler generator},
  author={Palsberg, Jens},
  booktitle={European Symposium on Programming},
  pages={418--434},
  year={1992},
  organization={Springer}
}

@phdthesis{diehl1996semantics,
  title={Semantics-directed generation of compilers and abstract machines},
  author={Diehl, Stephan},
  year={1996},
  school={Universit{\"a}tsbibliothek}
}

@article{fabry2015taxonomy,
  title={A taxonomy of domain-specific aspect languages},
  author={Fabry, Johan and Dinkelaker, Tom and Noy{\'e}, Jacques and Tanter, {\'E}ric},
  journal={ACM Computing Surveys (CSUR)},
  volume={47},
  number={3},
  pages={40},
  year={2015},
  publisher={ACM}
}

@article{basu1997language,
  title={A language-based approach to protocol construction},
  author={Basu, Anindya and Hayden, Mark and Morrisett, Greg and von Eicken, Thorsten},
  journal={Kamin [43]},
  pages={1--15},
  year={1997}
}

@article{karsai2014design,
  title={Design guidelines for domain specific languages},
  author={Karsai, Gabor and Krahn, Holger and Pinkernell, Claas and Rumpe, Bernhard and Schindler, Martin and V{\"o}lkel, Steven},
  journal={arXiv preprint arXiv:1409.2378},
  year={2014}
}

@INPROCEEDINGS{Consel98architecturingsoftware,
    author = {Charles Consel and Renaud Marlet},
    title = {Architecturing software using a methodology for language development},
    booktitle = {Proceedings of the 10 th International Symposium on Programming Language Implementation and Logic Programming, number 1490 in Lecture Notes in Computer Science},
    year = {1998},
    pages = {170--194}
}

@inproceedings{van2001asf+,
  title={The ASF+ SDF meta-environment: A component-based language development environment},
  author={van den Brand, Mark GJ and van Deursen, Arie and Heering, Jan and De Jong, HA and de Jonge, Merijn and Kuipers, Tobias and Klint, Paul and Moonen, Leon and Olivier, Pieter A and Scheerder, Jeroen and others},
  booktitle={International Conference on Compiler Construction},
  pages={365--370},
  year={2001},
  organization={Springer}
}

@inproceedings{baxter2004dms,
  title={DMS{\textregistered}: Program transformations for practical scalable software evolution},
  author={Baxter, Ira D and Pidgeon, Christopher and Mehlich, Michael},
  booktitle={Proceedings of the 26th International Conference on Software Engineering},
  pages={625--634},
  year={2004},
  organization={IEEE Computer Society}
}

@misc{visser2003stratego,
  title={Stratego: Strategies for program transformation},
  author={Visser, Eelco and Bravenboer, M and Vermaas, R},
  year={2003},
  publisher={Technical report, Universiteit Utrecht}
}

@book{slonneger1995formal,
  title={Formal syntax and semantics of programming languages},
  author={Slonneger, Kenneth and Kurtz, Barry L},
  volume={340},
  year={1995},
  publisher={Addison-Wesley Reading}
}

@article{hudak1996building,
  title={Building domain-specific embedded languages},
  author={Hudak, Paul},
  journal={ACM Computing Surveys (CSUR)},
  volume={28},
  number={4es},
  pages={196},
  year={1996},
  publisher={ACM}
}

@inproceedings{jones2001playing,
  title={Playing by the rules: rewriting as a practical optimisation technique in GHC},
  author={Jones, Simon Peyton and Tolmach, Andrew and Hoare, Tony},
  booktitle={Haskell workshop},
  volume={1},
  pages={203--233},
  year={2001}
}

@Inbook{Czarnecki2004,
author="Czarnecki, Krzysztof
and O'Donnell, John T.
and Striegnitz, J{\"o}rg
and Taha, Walid",
editor="Lengauer, Christian
and Batory, Don
and Consel, Charles
and Odersky, Martin",
title="DSL Implementation in MetaOCaml, Template Haskell, and C++",
bookTitle="Domain-Specific Program Generation: International Seminar, Dagstuhl Castle, Germany, March 23-28, 2003. Revised Papers",
year="2004",
publisher="Springer Berlin Heidelberg",
address="Berlin, Heidelberg",
pages="51--72",
isbn="978-3-540-25935-0",
doi="10.1007/978-3-540-25935-0_4",
url="http://dx.doi.org/10.1007/978-3-540-25935-0_4"
}

@inproceedings{batory1998jts,
  title={JTS: Tools for implementing domain-specific languages},
  author={Batory, Don and Lofaso, Bernie and Smaragdakis, Yannis},
  booktitle={Fifth International Conference on Software Reuse},
  pages={143--153},
  year={1998}
}

@article{bosch1997domain,
  title={Domain-specific languages for a changing world},
  author={Bosch, Jan and Dittrich, Yvonne},
  journal={URL citeseer. ist. psu. edu/82695. html},
  year={1997}
}

@inproceedings{jennings1999verischemelog,
  title={Verischemelog: Verilog embedded in scheme},
  author={Jennings, James and Beuscher, Eric},
  booktitle={ACM SIGPLAN Notices},
  volume={35},
  number={1},
  pages={123--134},
  year={1999},
  organization={ACM}
}

@article{brabrand2003metafront,
  title={The metafront system: Extensible parsing and transformation},
  author={Brabrand, Claus and Schwartzbach, Michael I and Vanggaard, Mads},
  journal={Electronic Notes in Theoretical Computer Science},
  volume={82},
  number={3},
  pages={592--611},
  year={2003},
  publisher={Elsevier}
}

@article{cleaveland1988building,
  title={Building application generators},
  author={Cleaveland, J Craig},
  journal={IEEE Software},
  volume={5},
  number={4},
  pages={25},
  year={1988},
  publisher={IEEE Computer Society}
}

@article{Gray:1992:ECF:129630.129637,
 author = {Gray, Robert W. and Levi, Steven P. and Heuring, Vincent P. and Sloane, Anthony M. and Waite, William M.},
 title = {Eli: A Complete, Flexible Compiler Construction System},
 journal = {Commun. ACM},
 issue_date = {Feb. 1992},
 volume = {35},
 number = {2},
 month = feb,
 year = {1992},
 issn = {0001-0782},
 pages = {121--130},
 numpages = {10},
 url = {http://doi.acm.org/10.1145/129630.129637},
 doi = {10.1145/129630.129637},
 acmid = {129637},
 publisher = {ACM},
 address = {New York, NY, USA},
 keywords = {compiler generators, language design, text processors},
} 

@article{Zhao:2012:FLI:2103621.2103709,
 author = {Zhao, Jianzhou and Nagarakatte, Santosh and Martin, Milo M.K. and Zdancewic, Steve},
 title = {Formalizing the LLVM Intermediate Representation for Verified Program Transformations},
 journal = {SIGPLAN Not.},
 issue_date = {January 2012},
 volume = {47},
 number = {1},
 month = jan,
 year = {2012},
 issn = {0362-1340},
 pages = {427--440},
 numpages = {14},
 url = {http://doi.acm.org/10.1145/2103621.2103709},
 doi = {10.1145/2103621.2103709},
 acmid = {2103709},
 publisher = {ACM},
 address = {New York, NY, USA},
 keywords = {Coq, LLVM, memory safety},
} 

@inproceedings{Mosses:2009:CS:1596486.1596489,
 author = {Mosses, Peter D.},
 title = {Component-based Semantics},
 booktitle = {Proceedings of the 8th International Workshop on Specification and Verification of Component-based Systems},
 series = {SAVCBS '09},
 year = {2009},
 isbn = {978-1-60558-680-9},
 location = {Amsterdam, The Netherlands},
 pages = {3--10},
 numpages = {8},
 url = {http://doi.acm.org/10.1145/1596486.1596489},
 doi = {10.1145/1596486.1596489},
 acmid = {1596489},
 publisher = {ACM},
 address = {New York, NY, USA},
 keywords = {action semantics, component-based semantics, component-based software, modular structural operational semantics},
} 

@article{Zhang:2004:SSD:981009.981013,
 author = {Zhang, Yingzhou and Xu, Baowen},
 title = {A Survey of Semantic Description Frameworks for Programming Languages},
 journal = {SIGPLAN Not.},
 issue_date = {March 2004},
 volume = {39},
 number = {3},
 month = mar,
 year = {2004},
 issn = {0362-1340},
 pages = {14--30},
 numpages = {17},
 url = {http://doi.acm.org/10.1145/981009.981013},
 doi = {10.1145/981009.981013},
 acmid = {981013},
 publisher = {ACM},
 address = {New York, NY, USA},
 keywords = {axiomatic semantics, denotational semantics, formal semantics, hybrid semantics, operational semantics, semantic description frameworks},
} 

@inproceedings{Churchill:2014:RCS:2577080.2577099,
 author = {Churchill, Martin and Mosses, Peter D. and Torrini, Paolo},
 title = {Reusable Components of Semantic Specifications},
 booktitle = {Proceedings of the 13th International Conference on Modularity},
 series = {MODULARITY '14},
 year = {2014},
 isbn = {978-1-4503-2772-5},
 location = {Lugano, Switzerland},
 pages = {145--156},
 numpages = {12},
 url = {http://doi.acm.org/10.1145/2577080.2577099},
 doi = {10.1145/2577080.2577099},
 acmid = {2577099},
 publisher = {ACM},
 address = {New York, NY, USA},
 keywords = {co-evolution, component-based semantics, funcons, fundamental constructs, modular sos, modularity, reusability},
} 

@inproceedings{Binsbergen:2016:TSC:2892664.2893464,
 author = {Binsbergen, L. Thomas van and Sculthorpe, Neil and Mosses, Peter D.},
 title = {Tool Support for Component-based Semantics},
 booktitle = {Companion Proceedings of the 15th International Conference on Modularity},
 series = {MODULARITY Companion 2016},
 year = {2016},
 isbn = {978-1-4503-4033-5},
 location = {M\&\#225;laga, Spain},
 pages = {8--11},
 numpages = {4},
 url = {http://doi.acm.org/10.1145/2892664.2893464},
 doi = {10.1145/2892664.2893464},
 acmid = {2893464},
 publisher = {ACM},
 address = {New York, NY, USA},
 keywords = {Programming language semantics, modularity, rapid prototyping, reusability, tool support},
} 

@inproceedings{Sheard:2002:TMH:581690.581691,
 author = {Sheard, Tim and Jones, Simon Peyton},
 title = {Template Meta-programming for Haskell},
 booktitle = {Proceedings of the 2002 ACM SIGPLAN Workshop on Haskell},
 series = {Haskell '02},
 year = {2002},
 isbn = {1-58113-605-6},
 location = {Pittsburgh, Pennsylvania},
 pages = {1--16},
 numpages = {16},
 url = {http://doi.acm.org/10.1145/581690.581691},
 doi = {10.1145/581690.581691},
 acmid = {581691},
 publisher = {ACM},
 address = {New York, NY, USA},
 keywords = {meta programming, templates},
} 

@inproceedings{seefried2004optimising,
  title={Optimising embedded dsls using template haskell},
  author={Seefried, Sean and Chakravarty, Manuel and Keller, Gabriele},
  booktitle={International Conference on Generative Programming and Component Engineering},
  pages={186--205},
  year={2004},
  organization={Springer}
}

@article{Scowen:1982:SSM:947912.947917,
 author = {Scowen, R. S.},
 title = {A Standard Syntactic Metalanguage},
 journal = {SIGPLAN Not.},
 issue_date = {March 1982},
 volume = {17},
 number = {3},
 month = mar,
 year = {1982},
 issn = {0362-1340},
 pages = {68--73},
 numpages = {6},
 url = {http://doi.acm.org/10.1145/947912.947917},
 doi = {10.1145/947912.947917},
 acmid = {947917},
 publisher = {ACM},
 address = {New York, NY, USA},
} 

@article{jakobson1980metalanguage,
  title={Metalanguage as a linguistic problem},
  author={Jakobson, Roman},
  journal={Roman Jakobson. The framework of language. Ann Arbor: Michigan Studies in the Humanities},
  pages={81--92},
  year={1980}
}

@inproceedings{Siek:2010:GPL:1706356.1706358,
 author = {Siek, Jeremy G.},
 title = {General Purpose Languages Should Be Metalanguages},
 booktitle = {Proceedings of the 2010 ACM SIGPLAN Workshop on Partial Evaluation and Program Manipulation},
 series = {PEPM '10},
 year = {2010},
 isbn = {978-1-60558-727-1},
 location = {Madrid, Spain},
 pages = {3--4},
 numpages = {2},
 url = {http://doi.acm.org/10.1145/1706356.1706358},
 doi = {10.1145/1706356.1706358},
 acmid = {1706358},
 publisher = {ACM},
 address = {New York, NY, USA},
 keywords = {domain-specific embedded languages, metaprogramming, multi-stage programming, reflection},
} 

@article{standard1996ebnf,
  title={Ebnf: Iso/iec 14977: 1996 (e)},
  author={ISO, EBNF Syntax Specification},
  journal={URL http://www. cl. cam. ac. uk/mgk25/iso-14977. pdf},
  volume={70},
  year={1996}
}

@book{hennessy1990semantics,
  title={The semantics of programming languages: an elementary introduction using structural operational semantics},
  author={Hennessy, Matthew},
  year={1990},
  publisher={John Wiley \& Sons}
}

@article{leijen2002parsec,
  title={Parsec: Direct style monadic parser combinators for the real world},
  author={Leijen, Daan and Meijer, Erik},
  year={2002}
}

@incollection{swierstra2009combinator,
  title={Combinator parsing: A short tutorial},
  author={Swierstra, S Doaitse},
  booktitle={Language Engineering and Rigorous Software Development},
  pages={252--300},
  year={2009},
  publisher={Springer}
}

@misc{leijen2001parsec,
  title={Parsec, a fast combinator parser},
  author={Leijen, Daan},
  year={2001}
}

@article{gummelt2011hindsight,
  title={Hindsight Debugging CS 240H: Functional Systems in Haskell},
  author={Gummelt, Michael and Sommermann, Daniel},
  year={2011}
}

@inproceedings{mosses2001varieties,
  title={The varieties of programming language semantics and their uses},
  author={Mosses, Peter D},
  booktitle={International Andrei Ershov Memorial Conference on Perspectives of System Informatics},
  pages={165--190},
  year={2001},
  organization={Springer}
}

@book{mosses1992action,
  title={Action semantics},
  author={Mosses, Peter},
  volume={26},
  year={1992},
  publisher={Cambridge University Press}
}

@inproceedings{brown1992actress,
  title={Actress: an action semantics directed compiler generator},
  author={Brown, Deryck F and Moura, Hermano and Watt, David A},
  booktitle={International Conference on Compiler Construction},
  pages={95--109},
  year={1992},
  organization={Springer}
}

@incollection{drossopoulou1999describing,
  title={Describing the semantics of Java and proving type soundness},
  author={Drossopoulou, Sophia and Eisenbach, Susan},
  booktitle={Formal Syntax and Semantics of Java},
  pages={41--80},
  year={1999},
  publisher={Springer}
}

@incollection{syme1999proving,
  title={Proving Java type soundness},
  author={Syme, Don},
  booktitle={Formal Syntax and Semantics of Java},
  pages={83--118},
  year={1999},
  publisher={Springer}
}

@incollection{von1999machine,
  title={Machine-checking the Java specification: Proving type-safety},
  author={Von Oheimb, David and Nipkow, Tobias},
  booktitle={Formal Syntax and Semantics of Java},
  pages={119--156},
  year={1999},
  publisher={Springer}
}

@article{mosses2004modular,
  title={Modular structural operational semantics},
  author={Mosses, Peter D},
  journal={The Journal of Logic and Algebraic Programming},
  volume={60},
  pages={195--228},
  year={2004},
  publisher={Elsevier}
}

@inproceedings{wansbrough1997modular,
  title={A Modular Monadic Action Semantics.},
  author={Wansbrough, Keith and Hamer, John},
  booktitle={DSL},
  year={1997}
}

@inproceedings{Marlow:2004:EHF:1017472.1017479,
 author = {Marlow, Simon and Jones, Simon Peyton and Thaller, Wolfgang},
 title = {Extending the Haskell Foreign Function Interface with Concurrency},
 booktitle = {Proceedings of the 2004 ACM SIGPLAN Workshop on Haskell},
 series = {Haskell '04},
 year = {2004},
 isbn = {1-58113-850-4},
 location = {Snowbird, Utah, USA},
 pages = {22--32},
 numpages = {11},
 url = {http://doi.acm.org/10.1145/1017472.1017479},
 doi = {10.1145/1017472.1017479},
 acmid = {1017479},
 publisher = {ACM},
 address = {New York, NY, USA},
} 

@misc{HaskellWikiFFIFromC,
  title = {Calling Haskell from C},
  author = {Don Stewart, Henk-Jan van Tuyl},
  howpublished = {\url{https://wiki.haskell.org/Calling_Haskell_from_C}},
  note = {Accessed: 2016-11-21},
  year = 2014
}

@article{manna1974axiomatic,
  title={Axiomatic approach to total correctness of programs},
  author={Manna, Zohar and Pnueli, Amir},
  journal={Acta Informatica},
  volume={3},
  number={3},
  pages={243--263},
  year={1974},
  publisher={Springer}
}

@article{Hoare:1969:ABC:363235.363259,
 author = {Hoare, C. A. R.},
 title = {An Axiomatic Basis for Computer Programming},
 journal = {Commun. ACM},
 issue_date = {Oct. 1969},
 volume = {12},
 number = {10},
 month = oct,
 year = {1969},
 issn = {0001-0782},
 pages = {576--580},
 numpages = {5},
 url = {http://doi.acm.org/10.1145/363235.363259},
 doi = {10.1145/363235.363259},
 acmid = {363259},
 publisher = {ACM},
 address = {New York, NY, USA},
 keywords = {axiomatic method, formal language definition, machine-independent programming, program documentation, programming language design, theory of programming' proofs of programs},
} 

@article{walther1994proving,
  title={On proving the termination of algorithms by machine},
  author={Walther, Christoph},
  journal={Artificial Intelligence},
  volume={71},
  number={1},
  pages={101--157},
  year={1994},
  publisher={Elsevier}
}

@article{Gill:2014:DLC:2602695.2605205,
 author = {Gill, Andy},
 title = {Domain-specific Languages and Code Synthesis Using Haskell},
 journal = {Commun. ACM},
 issue_date = {June 2014},
 volume = {57},
 number = {6},
 month = jun,
 year = {2014},
 issn = {0001-0782},
 pages = {42--49},
 numpages = {8},
 url = {http://doi.acm.org/10.1145/2605205},
 doi = {10.1145/2605205},
 acmid = {2605205},
 publisher = {ACM},
 address = {New York, NY, USA},
} 

@article{Giesl:2011:ATP:1890028.1890030,
 author = {Giesl, J\"{u}rgen and Raffelsieper, Matthias and Schneider-Kamp, Peter and Swiderski, Stephan and Thiemann, Ren{\'e}},
 title = {Automated Termination Proofs for Haskell by Term Rewriting},
 journal = {ACM Trans. Program. Lang. Syst.},
 issue_date = {January 2011},
 volume = {33},
 number = {2},
 month = feb,
 year = {2011},
 issn = {0164-0925},
 pages = {7:1--7:39},
 articleno = {7},
 numpages = {39},
 url = {http://doi.acm.org/10.1145/1890028.1890030},
 doi = {10.1145/1890028.1890030},
 acmid = {1890030},
 publisher = {ACM},
 address = {New York, NY, USA},
 keywords = {Functional programming, Haskell, dependency pairs, term rewriting, termination analysis},
} 

@article{mosses1986use,
  title={The use of action semantics},
  author={Mosses, Peter D and Watt, David A},
  journal={DAIMI Report Series},
  volume={15},
  number={217},
  year={1986}
}

@article{turner2004total,
  title={Total Functional Programming.},
  author={Turner, David A},
  journal={J. UCS},
  volume={10},
  number={7},
  pages={751--768},
  year={2004}
}

@inproceedings{kanovich1991efficient,
  title={Efficient program synthesis: Semantics, logic, complexity},
  author={Kanovich, Max I},
  booktitle={International Symposium on Theoretical Aspects of Computer Software},
  pages={615--632},
  year={1991},
  organization={Springer}
}

@misc{HaskellWikiShortCutFusionCorrectness,
  title = {Correctness of Short Cut Fusion},
  author = {Don Stewart, Janis},
  howpublished = {\url{https://wiki.haskell.org/Correctness_of_short_cut_fusion}},
  note = {Accessed: 2016-11-22},
  year = 2016
}

@inproceedings{voigtlander2008semantics,
  title={Semantics and pragmatics of new shortcut fusion rules},
  author={Voigtl{\"a}nder, Janis},
  booktitle={International Symposium on Functional and Logic Programming},
  pages={163--179},
  year={2008},
  organization={Springer}
}

@inproceedings{Bouraqadi:2016:MPT:2991041.2991051,
 author = {Bouraqadi, Noury and Mason, Dave},
 title = {Mocks, Proxies, and Transpilation As Development Strategies for Web Development},
 booktitle = {Proceedings of the 11th Edition of the International Workshop on Smalltalk Technologies},
 series = {IWST'16},
 year = {2016},
 isbn = {978-1-4503-4524-8},
 location = {Prague, Czech Republic},
 pages = {10:1--10:6},
 articleno = {10},
 numpages = {6},
 url = {http://doi.acm.org/10.1145/2991041.2991051},
 doi = {10.1145/2991041.2991051},
 acmid = {2991051},
 publisher = {ACM},
 address = {New York, NY, USA},
} 

@article{kulkarnitranspiler,
  title={Transpiler and itâ€™s Advantages},
  author={Kulkarni, Rohit and Chavan, Aditi and Hardikar, Abhinav},
  publisher={Citeseer}
}

@article{a2001atmol,
  title={ATMOL: A domain-specific language for atmospheric modeling},
  author={A van Engelen, Robert},
  journal={CIT. Journal of computing and information technology},
  volume={9},
  number={4},
  pages={289--303},
  year={2001},
  publisher={SRCE-Sveu{\v{c}}ili{\v{s}}ni ra{\v{c}}unski centar}
}

@misc{Python3Lexical,
  title = {Python 3 Lexical Analysis},
  author = {Python Software Foundation},
  howpublished = {\url{https://docs.python.org/3/reference/lexical_analysis.html}},
  note = {Accessed: 2016-11-23},
  year = 2016
}

@article{s2001supporting,
  title={Supporting the DSL spectrum},
  author={S Wile, David},
  journal={CIT. Journal of computing and information technology},
  volume={9},
  number={4},
  pages={263--287},
  year={2001},
  publisher={SRCE-Sveu{\v{c}}ili{\v{s}}ni ra{\v{c}}unski centar}
}

@article{boyer1984mechanical,
  title={A mechanical proof of the unsolvability of the halting problem},
  author={Boyer, Robert S and Moore, J Strother},
  journal={Journal of the ACM (JACM)},
  volume={31},
  number={3},
  pages={441--458},
  year={1984},
  publisher={ACM}
}

@misc{megaparsec,
  title = {Megaparsec},
  author = {Mark Karpov},
  howpublished = {\url{https://hackage.haskell.org/package/megaparsec}},
  note = {Accessed: 2017-04-06},
  year = 2017
}

@misc{idris_lang,
  title = {Idris},
  author = {Edwin Brady},
  howpublished = {\url{https://www.idris-lang.org/}},
  note = {Accessed: 2017-04-06},
  year = 2017
}

@incollection{luenberger2016simplex,
  title={The Simplex Method},
  author={Luenberger, David G and Ye, Yinyu},
  booktitle={Linear and Nonlinear Programming},
  pages={33--82},
  year={2016},
  publisher={Springer}
}

@misc{python_docstrings,
  title = {PEP 257 --- Docstring Conventions},
  author = {David Goodger, Guido van Rossum},
  howpublished = {\url{https://www.python.org/dev/peps/pep-0257/}},
  note = {Accessed: 2017-04-10},
  year = 2001
}

@inproceedings{raemaekers2014semantic,
  title={Semantic Versioning versus Breaking Changes: A Study of the Maven Repository.},
  author={Raemaekers, Steven and Van Deursen, Arie and Visser, Joost},
  booktitle={SCAM},
  pages={215--224},
  year={2014}
}

@article{fowler2001agile,
  title={The agile manifesto},
  author={Fowler, Martin and Highsmith, Jim},
  journal={Software Development},
  volume={9},
  number={8},
  pages={28--35},
  year={2001},
  publisher={[San Francisco, CA: Miller Freeman, Inc., 1993-}
}

@misc{ghc,
  title = {The Glasgow Haskell Compiler},
  author = {Ben Gamari},
  howpublished = {\url{https://www.haskell.org/ghc/}},
  note = {Accessed: 2017-04-15},
  year = 2017
}

@misc{haskellstack,
  title = {The Haskell Tool Stack},
  author = {Stack Contributors},
  howpublished = {\url{https://docs.haskellstack.org/en/stable/README/}},
  note = {Accessed: 2017-04-15},
  year = 2017
}

@misc{git_scm,
  title = {Git},
  author = {The Git Foundation},
  howpublished = {\url{https://git-scm.com/}},
  note = {Accessed: 2017-04-15},
  year = 2017
}

@misc{sublime_text,
  title = {Sublime Text: The Text Editor You'll Fall in Love With},
  author = {Sublime HQ},
  howpublished = {\url{https://www.sublimetext.com/}},
  note = {Accessed: 2017-04-15},
  year = 2017
}

@misc{sublime_haskell,
  title = {SublimeHaskell},
  author = {Alexandr Ruchkin, B. Scott Michel},
  howpublished = {\url{https://github.com/SublimeHaskell/SublimeHaskell}},
  note = {Accessed: 2017-04-15},
  year = 2017
}

@misc{haskell_data_text,
  title = {Data.Text},
  author = {Bryan O'Sullivan},
  howpublished = {\url{https://hackage.haskell.org/package/text/docs/Data-Text.html}},
  note = {Accessed: 2017-04-15},
  year = 2017
}

@misc{optparse_applicative,
  title = {optparse-applicative},
  author = {Paolo Capriotti, Huw Campbell},
  howpublished = {\url{https://hackage.haskell.org/package/optparse-applicative}},
  note = {Accessed: 2017-04-15},
  year = 2017
}

@misc{data_map,
  title = {Data.Map},
  author = {Daan Leijen, Andriy Palamarchuk},
  howpublished = {\url{https://hackage.haskell.org/package/containers/docs/Data-Map-Lazy.html}},
  note = {Accessed: 2017-04-17},
  year = 2017
}

@misc{hunit,
  title = {HUnit: A Unit Testing Framework},
  author = {Dean Herington, Simon Hengel},
  howpublished = {\url{https://hackage.haskell.org/package/HUnit}},
  note = {Accessed: 2017-04-18},
  year = 2017
}

@misc{quick_check,
  title = {QuickCheck: Automatic Testing of Haskell Programs},
  author = {Koen Claessen, BjÃ¶rn Bringert, Nick Smallbone},
  howpublished = {\url{https://hackage.haskell.org/package/QuickCheck}},
  note = {Accessed: 2017-04-18},
  year = 2017
}

@misc{tasty_haskell,
  title = {tasty: Modern and Extensible Testing Framework},
  author = {Roman Cheplyaka},
  howpublished = {\url{https://hackage.haskell.org/package/tasty}},
  note = {Accessed: 2017-04-18},
  year = 2017
}

@misc{incomplete_iry,
  title = {A Brief, Incomplete and Mostly Wrong History of Programming Languages},
  author = {James Iry},
  howpublished = {\url{https://hackage.haskell.org/package/tasty}},
  note = {Accessed: 2017-04-28},
  year = 2009
}
