
@article{van2000domain,
	title={Domain-Specific Languages: An Annotated Bibliography.},
	author={Van Deursen, Arie and Klint, Paul and Visser, Joost},
	journal={Sigplan Notices},
	volume={35},
	number={6},
	pages={26--36},
	year={2000}
}

@article{Mernik:2005:DDL:1118890.1118892,
	author = {Mernik, Marjan and Heering, Jan and Sloane, Anthony M.},
	title = {When and How to Develop Domain-specific Languages},
	journal = {ACM Comput. Surv.},
	issue_date = {December 2005},
	volume = {37},
	number = {4},
	month = dec,
	year = {2005},
	issn = {0360-0300},
	pages = {316--344},
	numpages = {29},
	url = {http://doi.acm.org/10.1145/1118890.1118892},
	doi = {10.1145/1118890.1118892},
	acmid = {1118892},
	publisher = {ACM},
	address = {New York, NY, USA},
	keywords = {Domain-specific language, application language, domain analysis, language development system},
} 

@article{dvorak2009nasa,
  title={NASA study on flight software complexity},
  author={Dvorak, Daniel L and others},
  year={2009}
}

@article{khawar2001developing,
  title={Developing Enterprise Java Applications with J2EE and UML},
  author={Khawar, Zaman Ahmed and Cary, E Umrysh},
  year={2001},
  publisher={Addison-Wesley}
}

@book{fowler2010domain,
  title={Domain-specific languages},
  author={Fowler, Martin},
  year={2010},
  publisher={Pearson Education}
}

@inproceedings{sheard2002template,
  title={Template meta-programming for Haskell},
  author={Sheard, Tim and Jones, Simon Peyton},
  booktitle={Proceedings of the 2002 ACM SIGPLAN workshop on Haskell},
  pages={1--16},
  year={2002},
  organization={ACM}
}

@article{van2000domain,
  title={Domain-Specific Languages: An Annotated Bibliography.},
  author={Van Deursen, Arie and Klint, Paul and Visser, Joost},
  journal={Sigplan Notices},
  volume={35},
  number={6},
  pages={26--36},
  year={2000}
}

@article{subramanyam2003empirical,
  title={Empirical analysis of ck metrics for object-oriented design complexity: Implications for software defects},
  author={Subramanyam, Ramanath and Krishnan, Mayuram S.},
  journal={IEEE Transactions on software engineering},
  volume={29},
  number={4},
  pages={297--310},
  year={2003},
  publisher={IEEE}
}

@article{studer1998knowledge,
  title={Knowledge engineering: principles and methods},
  author={Studer, Rudi and Benjamins, V Richard and Fensel, Dieter},
  journal={Data \& knowledge engineering},
  volume={25},
  number={1},
  pages={161--197},
  year={1998},
  publisher={Elsevier}
}

@incollection{hinze2010reasoning,
  title={Reasoning about codata},
  author={Hinze, Ralf},
  booktitle={Central European Functional Programming School},
  pages={42--93},
  year={2010},
  publisher={Springer}
}

@inproceedings{abdulla1994undecidable,
  title={Undecidable verification problems for programs with unreliable channels},
  author={Abdulla, Parosh Aziz and Jonsson, Bengt},
  booktitle={International Colloquium on Automata, Languages, and Programming},
  pages={316--327},
  year={1994},
  organization={Springer}
}

@article{nordstrom1988terminating,
  title={Terminating general recursion},
  author={Nordstr{\"o}m, Bengt},
  journal={BIT Numerical Mathematics},
  volume={28},
  number={3},
  pages={605--619},
  year={1988},
  publisher={Springer}
}

@article{doh2001composing,
  title={Composing programming languages by combining action-semantics modules},
  author={Doh, Kyung-Goo and Mosses, Peter D},
  journal={Electronic Notes in Theoretical Computer Science},
  volume={44},
  number={2},
  pages={87--109},
  year={2001},
  publisher={Elsevier}
}

@inproceedings{churchill2014reusable,
  title={Reusable components of semantic specifications},
  author={Churchill, Martin and Mosses, Peter D and Torrini, Paolo},
  booktitle={Proceedings of the 13th international conference on Modularity},
  pages={145--156},
  year={2014},
  organization={ACM}
}

@book{girard1989proofs,
  title={Proofs and types},
  author={Girard, Jean-Yves and Taylor, Paul and Lafont, Yves},
  volume={7},
  year={1989},
  publisher={Cambridge University Press Cambridge}
}

@inproceedings{Mandell:1966:MDA:800267.810785,
 author = {Mandell, R. and Estrin, G.},
 title = {A Meta-compiler As a Design Automation Tool},
 booktitle = {Proceedings of the SHARE Design Automation Project},
 series = {DAC '66},
 year = {1966},
 pages = {13.1--13.40},
 numpages = {1.3},
 url = {http://doi.acm.org/10.1145/800267.810785},
 doi = {10.1145/800267.810785},
 acmid = {810785},
 publisher = {ACM},
 address = {New York, NY, USA},
} 

@article{alves2010godel,
  title={G{\"o}delâ€™s system T revisited},
  author={Alves, Sandra and Fern{\'a}ndez, Maribel and Florido, M{\'a}rio and Mackie, Ian},
  journal={Theoretical Computer Science},
  volume={411},
  number={11},
  pages={1484--1500},
  year={2010},
  publisher={Elsevier}
}

@incollection{Schmidt:2003:PLS:1074100.1074733,
 author = {Schmidt, David A.},
 title = {Programming Language Semantics},
 booktitle = {Encyclopedia of Computer Science},
 isbn = {0-470-86412-5},
 pages = {1463--1466},
 numpages = {4},
 url = {http://dl.acm.org/citation.cfm?id=1074100.1074733},
 acmid = {1074733},
 publisher = {John Wiley and Sons Ltd.},
 address = {Chichester, UK},
} 

@inproceedings{palsberg1992provably,
  title={A provably correct compiler generator},
  author={Palsberg, Jens},
  booktitle={European Symposium on Programming},
  pages={418--434},
  year={1992},
  organization={Springer}
}

@phdthesis{diehl1996semantics,
  title={Semantics-directed generation of compilers and abstract machines},
  author={Diehl, Stephan},
  year={1996},
  school={Universit{\"a}tsbibliothek}
}

